%YAML 1.1
%TAG !u! tag:unity3d.com,2011:
--- !u!1001 &100100000
Prefab:
  m_ObjectHideFlags: 1
  serializedVersion: 2
  m_Modification:
    m_TransformParent: {fileID: 0}
    m_Modifications: []
    m_RemovedComponents: []
  m_ParentPrefab: {fileID: 0}
  m_RootGameObject: {fileID: 1469842436176110}
  m_IsPrefabParent: 1
--- !u!1 &1044946877700024
GameObject:
  m_ObjectHideFlags: 0
  m_PrefabParentObject: {fileID: 0}
  m_PrefabInternal: {fileID: 100100000}
  serializedVersion: 5
  m_Component:
  - component: {fileID: 4599533789581470}
  - component: {fileID: 61199129186526276}
  m_Layer: 8
  m_Name: Collider
  m_TagString: Untagged
  m_Icon: {fileID: 0}
  m_NavMeshLayer: 0
  m_StaticEditorFlags: 0
  m_IsActive: 1
--- !u!1 &1127012996174378
GameObject:
  m_ObjectHideFlags: 0
  m_PrefabParentObject: {fileID: 0}
  m_PrefabInternal: {fileID: 100100000}
  serializedVersion: 5
  m_Component:
  - component: {fileID: 4696843569400160}
  - component: {fileID: 61509923793485308}
  m_Layer: 8
  m_Name: Collider3
  m_TagString: Untagged
  m_Icon: {fileID: 0}
  m_NavMeshLayer: 0
  m_StaticEditorFlags: 0
  m_IsActive: 1
--- !u!1 &1469842436176110
GameObject:
  m_ObjectHideFlags: 0
  m_PrefabParentObject: {fileID: 0}
  m_PrefabInternal: {fileID: 100100000}
  serializedVersion: 5
  m_Component:
  - component: {fileID: 4576960449916322}
  - component: {fileID: 212291682966351602}
  - component: {fileID: 50513252085453520}
  - component: {fileID: 114851444407378002}
  - component: {fileID: 66134219814994982}
  - component: {fileID: 61928107518844090}
  - component: {fileID: 61598497508756502}
  - component: {fileID: 114634700491707506}
  m_Layer: 8
  m_Name: PhysicsBanana
  m_TagString: Untagged
  m_Icon: {fileID: 0}
  m_NavMeshLayer: 0
  m_StaticEditorFlags: 0
  m_IsActive: 1
--- !u!1 &1982082897724646
GameObject:
  m_ObjectHideFlags: 0
  m_PrefabParentObject: {fileID: 0}
  m_PrefabInternal: {fileID: 100100000}
  serializedVersion: 5
  m_Component:
  - component: {fileID: 4271695582189338}
  - component: {fileID: 61099822122212018}
  m_Layer: 8
  m_Name: Collider2
  m_TagString: Untagged
  m_Icon: {fileID: 0}
  m_NavMeshLayer: 0
  m_StaticEditorFlags: 0
  m_IsActive: 1
--- !u!4 &4271695582189338
Transform:
  m_ObjectHideFlags: 1
  m_PrefabParentObject: {fileID: 0}
  m_PrefabInternal: {fileID: 100100000}
  m_GameObject: {fileID: 1982082897724646}
  m_LocalRotation: {x: 0, y: 0, z: -0.19149433, w: 0.9814938}
  m_LocalPosition: {x: 1.98, y: 0.45, z: 0}
  m_LocalScale: {x: 1, y: 1, z: 1}
  m_Children: []
  m_Father: {fileID: 4576960449916322}
  m_RootOrder: 1
  m_LocalEulerAnglesHint: {x: 0, y: 0, z: -22.08}
--- !u!4 &4576960449916322
Transform:
  m_ObjectHideFlags: 1
  m_PrefabParentObject: {fileID: 0}
  m_PrefabInternal: {fileID: 100100000}
  m_GameObject: {fileID: 1469842436176110}
  m_LocalRotation: {x: -0, y: -0, z: -0, w: 1}
  m_LocalPosition: {x: -6.68, y: -1.69, z: 0}
  m_LocalScale: {x: 0.15, y: 0.15, z: 0.3}
  m_Children:
  - {fileID: 4599533789581470}
  - {fileID: 4271695582189338}
  - {fileID: 4696843569400160}
  m_Father: {fileID: 0}
  m_RootOrder: 0
  m_LocalEulerAnglesHint: {x: 0, y: 0, z: 0}
--- !u!4 &4599533789581470
Transform:
  m_ObjectHideFlags: 1
  m_PrefabParentObject: {fileID: 0}
  m_PrefabInternal: {fileID: 100100000}
  m_GameObject: {fileID: 1044946877700024}
  m_LocalRotation: {x: 0, y: 0, z: 0.28944954, w: 0.95719326}
  m_LocalPosition: {x: 0, y: 0, z: 0}
  m_LocalScale: {x: 1, y: 1, z: 1}
  m_Children: []
  m_Father: {fileID: 4576960449916322}
  m_RootOrder: 0
  m_LocalEulerAnglesHint: {x: 0, y: 0, z: 33.65}
--- !u!4 &4696843569400160
Transform:
  m_ObjectHideFlags: 1
  m_PrefabParentObject: {fileID: 0}
  m_PrefabInternal: {fileID: 100100000}
  m_GameObject: {fileID: 1127012996174378}
  m_LocalRotation: {x: 0, y: 0, z: 0.11901047, w: 0.99289304}
  m_LocalPosition: {x: -0.86, y: -1.79, z: 0}
  m_LocalScale: {x: 1, y: 1, z: 1}
  m_Children: []
  m_Father: {fileID: 4576960449916322}
  m_RootOrder: 2
  m_LocalEulerAnglesHint: {x: 0, y: 0, z: 13.67}
--- !u!50 &50513252085453520
Rigidbody2D:
  serializedVersion: 4
  m_ObjectHideFlags: 1
  m_PrefabParentObject: {fileID: 0}
  m_PrefabInternal: {fileID: 100100000}
  m_GameObject: {fileID: 1469842436176110}
  m_BodyType: 0
  m_Simulated: 1
  m_UseFullKinematicContacts: 1
  m_UseAutoMass: 1
  m_Mass: 0.24242124
  m_LinearDrag: 0
  m_AngularDrag: 0.05
  m_GravityScale: 1
  m_Material: {fileID: 0}
  m_Interpolate: 0
  m_SleepingMode: 1
  m_CollisionDetection: 1
  m_Constraints: 0
--- !u!61 &61099822122212018
BoxCollider2D:
  m_ObjectHideFlags: 1
  m_PrefabParentObject: {fileID: 0}
  m_PrefabInternal: {fileID: 100100000}
  m_GameObject: {fileID: 1982082897724646}
  m_Enabled: 1
  m_Density: 1
  m_Material: {fileID: 0}
  m_IsTrigger: 0
  m_UsedByEffector: 0
  m_UsedByComposite: 1
  m_Offset: {x: 0.06656861, y: 0.24601996}
  m_SpriteTilingProperty:
    border: {x: 0, y: 0, z: 0, w: 0}
    pivot: {x: 0, y: 0}
    oldSize: {x: 0, y: 0}
    newSize: {x: 0, y: 0}
    adaptiveTilingThreshold: 0
    drawMode: 0
    adaptiveTiling: 0
  m_AutoTiling: 0
  serializedVersion: 2
  m_Size: {x: 1.4585559, y: 4.1153927}
  m_EdgeRadius: 0
--- !u!61 &61199129186526276
BoxCollider2D:
  m_ObjectHideFlags: 1
  m_PrefabParentObject: {fileID: 0}
  m_PrefabInternal: {fileID: 100100000}
  m_GameObject: {fileID: 1044946877700024}
  m_Enabled: 1
  m_Density: 1
  m_Material: {fileID: 0}
  m_IsTrigger: 0
  m_UsedByEffector: 0
  m_UsedByComposite: 1
  m_Offset: {x: -0.038054973, y: -1.4983912}
  m_SpriteTilingProperty:
    border: {x: 0, y: 0, z: 0, w: 0}
    pivot: {x: 0, y: 0}
    oldSize: {x: 0, y: 0}
    newSize: {x: 0, y: 0}
    adaptiveTilingThreshold: 0
    drawMode: 0
    adaptiveTiling: 0
  m_AutoTiling: 0
  serializedVersion: 2
  m_Size: {x: 1.9266939, y: 1.5461988}
  m_EdgeRadius: 0
--- !u!61 &61509923793485308
BoxCollider2D:
  m_ObjectHideFlags: 1
  m_PrefabParentObject: {fileID: 0}
  m_PrefabInternal: {fileID: 100100000}
  m_GameObject: {fileID: 1127012996174378}
  m_Enabled: 1
  m_Density: 1
  m_Material: {fileID: 0}
  m_IsTrigger: 0
  m_UsedByEffector: 0
  m_UsedByComposite: 1
  m_Offset: {x: 0.49958897, y: -0.03477788}
  m_SpriteTilingProperty:
    border: {x: 0, y: 0, z: 0, w: 0}
    pivot: {x: 0, y: 0}
    oldSize: {x: 0, y: 0}
    newSize: {x: 0, y: 0}
    adaptiveTilingThreshold: 0
    drawMode: 0
    adaptiveTiling: 0
  m_AutoTiling: 0
  serializedVersion: 2
  m_Size: {x: 1.9991777, y: 1.555515}
  m_EdgeRadius: 0
--- !u!61 &61598497508756502
BoxCollider2D:
  m_ObjectHideFlags: 1
  m_PrefabParentObject: {fileID: 0}
  m_PrefabInternal: {fileID: 100100000}
  m_GameObject: {fileID: 1469842436176110}
  m_Enabled: 1
  m_Density: 1
  m_Material: {fileID: 0}
  m_IsTrigger: 0
  m_UsedByEffector: 0
  m_UsedByComposite: 1
  m_Offset: {x: -1.5417018, y: -1.8765833}
  m_SpriteTilingProperty:
    border: {x: 0, y: 0, z: 0, w: 0}
    pivot: {x: 0.5, y: 0.5}
    oldSize: {x: 7.32, y: 6.57}
    newSize: {x: 4.87, y: 5.02}
    adaptiveTilingThreshold: 0.5
    drawMode: 0
    adaptiveTiling: 0
  m_AutoTiling: 0
  serializedVersion: 2
  m_Size: {x: 0.8509507, y: 1.1180148}
  m_EdgeRadius: 0
--- !u!61 &61928107518844090
BoxCollider2D:
  m_ObjectHideFlags: 1
  m_PrefabParentObject: {fileID: 0}
  m_PrefabInternal: {fileID: 100100000}
  m_GameObject: {fileID: 1469842436176110}
  m_Enabled: 1
  m_Density: 1
  m_Material: {fileID: 0}
  m_IsTrigger: 0
  m_UsedByEffector: 0
  m_UsedByComposite: 1
  m_Offset: {x: -2.6164436, y: -1.9836082}
  m_SpriteTilingProperty:
    border: {x: 0, y: 0, z: 0, w: 0}
    pivot: {x: 0.5, y: 0.5}
    oldSize: {x: 7.32, y: 6.57}
    newSize: {x: 4.87, y: 5.02}
    adaptiveTilingThreshold: 0.5
    drawMode: 0
    adaptiveTiling: 0
  m_AutoTiling: 0
  serializedVersion: 2
  m_Size: {x: 1.4195348, y: 0.65655947}
  m_EdgeRadius: 0
--- !u!66 &66134219814994982
CompositeCollider2D:
  m_ObjectHideFlags: 1
  m_PrefabParentObject: {fileID: 0}
  m_PrefabInternal: {fileID: 100100000}
  m_GameObject: {fileID: 1469842436176110}
  m_Enabled: 1
  m_Density: 1
  m_Material: {fileID: 0}
  m_IsTrigger: 0
  m_UsedByEffector: 0
  m_UsedByComposite: 0
  m_Offset: {x: 0, y: 0}
  m_GeometryType: 1
  m_GenerationType: 0
  m_EdgeRadius: 0
  m_ColliderPaths:
  - m_Collider: {fileID: 61928107518844090}
    m_ColliderPaths:
    - - X: -2860014
        Y: -2482992
      - X: -4989317
        Y: -2482992
      - X: -4989317
        Y: -3467832
      - X: -2860014
        Y: -3467832
  - m_Collider: {fileID: 61199129186526276}
    m_ColliderPaths:
    - - X: 3043384
        Y: -2067230
      - X: 1758218
        Y: -136558
      - X: -647561
        Y: -1737983
      - X: 637604
        Y: -3668655
  - m_Collider: {fileID: 61598497508756502}
    m_ColliderPaths:
    - - X: -1674339
        Y: -1976364
      - X: -2950765
        Y: -1976364
      - X: -2950765
        Y: -3653386
      - X: -1674339
        Y: -3653386
  - m_Collider: {fileID: 61099822122212018}
    m_ColliderPaths:
    - - X: 5375172
        Y: 3428402
      - X: 3347793
        Y: 4250811
      - X: 1027323
        Y: -1469542
      - X: 3054701
        Y: -2291951
  - m_Collider: {fileID: 61509923793485308}
    m_ColliderPaths:
    - - X: 1183103
        Y: -3337828
      - X: 631682
        Y: -1070650
      - X: -2282138
        Y: -1779346
      - X: -1730717
        Y: -4046524
  m_CompositePaths:
    m_Paths:
    - - {x: 0.0524082, y: -0.3498114}
      - {x: 0.0637604, y: -0.36686552}
      - {x: 0.110667, y: -0.3356418}
      - {x: 0.1183103, y: -0.3337828}
      - {x: 0.1176344, y: -0.3310039}
      - {x: 0.28379062, y: -0.2204008}
      - {x: 0.3054701, y: -0.2291951}
      - {x: 0.5375172, y: 0.3428402}
      - {x: 0.3347793, y: 0.4250811}
      - {x: 0.1497705, y: -0.030997}
      - {x: 0.0195631, y: -0.1176706}
      - {x: -0.2282138, y: -0.1779346}
      - {x: -0.2234219, y: -0.1976364}
      - {x: -0.2950765, y: -0.1976364}
      - {x: -0.2950765, y: -0.2482992}
      - {x: -0.4989317, y: -0.2482992}
      - {x: -0.4989317, y: -0.3467832}
      - {x: -0.2950765, y: -0.3467832}
      - {x: -0.2950765, y: -0.3653386}
      - {x: -0.18263361, y: -0.3653386}
      - {x: -0.1730717, y: -0.40465242}
  m_VertexDistance: 0.15
--- !u!114 &114634700491707506
MonoBehaviour:
  m_ObjectHideFlags: 1
  m_PrefabParentObject: {fileID: 0}
  m_PrefabInternal: {fileID: 100100000}
  m_GameObject: {fileID: 1469842436176110}
  m_Enabled: 1
  m_EditorHideFlags: 0
  m_Script: {fileID: 11500000, guid: 9e121c5b17a35024fb9ee0bbaa8b1521, type: 3}
  m_Name: 
  m_EditorClassIdentifier: 
  timeToShrink: 20
  totalShrinkTime: 1
--- !u!114 &114851444407378002
MonoBehaviour:
  m_ObjectHideFlags: 1
  m_PrefabParentObject: {fileID: 0}
  m_PrefabInternal: {fileID: 100100000}
  m_GameObject: {fileID: 1469842436176110}
  m_Enabled: 1
  m_EditorHideFlags: 0
  m_Script: {fileID: 11500000, guid: 315e2d094f2b93046aa66ae1231bf201, type: 3}
  m_Name: 
  m_EditorClassIdentifier: 
  minDensity: 1
  maxDensity: 2
  minScale: 0.15
  maxScale: 0.2
--- !u!212 &212291682966351602
SpriteRenderer:
  m_ObjectHideFlags: 1
  m_PrefabParentObject: {fileID: 0}
  m_PrefabInternal: {fileID: 100100000}
  m_GameObject: {fileID: 1469842436176110}
  m_Enabled: 1
  m_CastShadows: 0
  m_ReceiveShadows: 0
  m_DynamicOccludee: 1
  m_MotionVectors: 1
  m_LightProbeUsage: 1
  m_ReflectionProbeUsage: 1
  m_Materials:
  - {fileID: 10754, guid: 0000000000000000f000000000000000, type: 0}
  m_StaticBatchInfo:
    firstSubMesh: 0
    subMeshCount: 0
  m_StaticBatchRoot: {fileID: 0}
  m_ProbeAnchor: {fileID: 0}
  m_LightProbeVolumeOverride: {fileID: 0}
  m_ScaleInLightmap: 1
  m_PreserveUVs: 0
  m_IgnoreNormalsForChartDetection: 0
  m_ImportantGI: 0
  m_StitchLightmapSeams: 0
  m_SelectedEditorRenderState: 0
  m_MinimumChartSize: 4
  m_AutoUVMaxDistance: 0.5
  m_AutoUVMaxAngle: 89
  m_LightmapParameters: {fileID: 0}
  m_SortingLayerID: 0
  m_SortingLayer: 0
  m_SortingOrder: 0
  m_Sprite: {fileID: 21300000, guid: 473c5cba7f40d6948a24a4cf17771054, type: 3}
  m_Color: {r: 1, g: 1, b: 1, a: 1}
  m_FlipX: 0
  m_FlipY: 0
  m_DrawMode: 0
  m_Size: {x: 4.87, y: 5.02}
  m_AdaptiveModeThreshold: 0.5
  m_SpriteTileMode: 0
  m_WasSpriteAssigned: 1
  m_MaskInteraction: 0
