%YAML 1.1
%TAG !u! tag:unity3d.com,2011:
--- !u!29 &1
OcclusionCullingSettings:
  m_ObjectHideFlags: 0
  serializedVersion: 2
  m_OcclusionBakeSettings:
    smallestOccluder: 5
    smallestHole: 0.25
    backfaceThreshold: 100
  m_SceneGUID: 00000000000000000000000000000000
  m_OcclusionCullingData: {fileID: 0}
--- !u!104 &2
RenderSettings:
  m_ObjectHideFlags: 0
  serializedVersion: 8
  m_Fog: 0
  m_FogColor: {r: 0.5, g: 0.5, b: 0.5, a: 1}
  m_FogMode: 3
  m_FogDensity: 0.01
  m_LinearFogStart: 0
  m_LinearFogEnd: 300
  m_AmbientSkyColor: {r: 0.212, g: 0.227, b: 0.259, a: 1}
  m_AmbientEquatorColor: {r: 0.114, g: 0.125, b: 0.133, a: 1}
  m_AmbientGroundColor: {r: 0.047, g: 0.043, b: 0.035, a: 1}
  m_AmbientIntensity: 1
  m_AmbientMode: 3
  m_SubtractiveShadowColor: {r: 0.42, g: 0.478, b: 0.627, a: 1}
  m_SkyboxMaterial: {fileID: 0}
  m_HaloStrength: 0.5
  m_FlareStrength: 1
  m_FlareFadeSpeed: 3
  m_HaloTexture: {fileID: 0}
  m_SpotCookie: {fileID: 10001, guid: 0000000000000000e000000000000000, type: 0}
  m_DefaultReflectionMode: 0
  m_DefaultReflectionResolution: 128
  m_ReflectionBounces: 1
  m_ReflectionIntensity: 1
  m_CustomReflection: {fileID: 0}
  m_Sun: {fileID: 0}
  m_IndirectSpecularColor: {r: 0, g: 0, b: 0, a: 1}
--- !u!157 &3
LightmapSettings:
  m_ObjectHideFlags: 0
  serializedVersion: 11
  m_GIWorkflowMode: 1
  m_GISettings:
    serializedVersion: 2
    m_BounceScale: 1
    m_IndirectOutputScale: 1
    m_AlbedoBoost: 1
    m_TemporalCoherenceThreshold: 1
    m_EnvironmentLightingMode: 0
    m_EnableBakedLightmaps: 0
    m_EnableRealtimeLightmaps: 0
  m_LightmapEditorSettings:
    serializedVersion: 9
    m_Resolution: 2
    m_BakeResolution: 40
    m_TextureWidth: 1024
    m_TextureHeight: 1024
    m_AO: 0
    m_AOMaxDistance: 1
    m_CompAOExponent: 1
    m_CompAOExponentDirect: 0
    m_Padding: 2
    m_LightmapParameters: {fileID: 0}
    m_LightmapsBakeMode: 1
    m_TextureCompression: 1
    m_FinalGather: 0
    m_FinalGatherFiltering: 1
    m_FinalGatherRayCount: 256
    m_ReflectionCompression: 2
    m_MixedBakeMode: 2
    m_BakeBackend: 0
    m_PVRSampling: 1
    m_PVRDirectSampleCount: 32
    m_PVRSampleCount: 500
    m_PVRBounces: 2
    m_PVRFilterTypeDirect: 0
    m_PVRFilterTypeIndirect: 0
    m_PVRFilterTypeAO: 0
    m_PVRFilteringMode: 1
    m_PVRCulling: 1
    m_PVRFilteringGaussRadiusDirect: 1
    m_PVRFilteringGaussRadiusIndirect: 5
    m_PVRFilteringGaussRadiusAO: 2
    m_PVRFilteringAtrousPositionSigmaDirect: 0.5
    m_PVRFilteringAtrousPositionSigmaIndirect: 2
    m_PVRFilteringAtrousPositionSigmaAO: 1
    m_ShowResolutionOverlay: 1
  m_LightingDataAsset: {fileID: 0}
  m_UseShadowmask: 1
--- !u!196 &4
NavMeshSettings:
  serializedVersion: 2
  m_ObjectHideFlags: 0
  m_BuildSettings:
    serializedVersion: 2
    agentTypeID: 0
    agentRadius: 0.5
    agentHeight: 2
    agentSlope: 45
    agentClimb: 0.4
    ledgeDropHeight: 0
    maxJumpAcrossDistance: 0
    minRegionArea: 2
    manualCellSize: 0
    cellSize: 0.16666667
    manualTileSize: 0
    tileSize: 256
    accuratePlacement: 0
    debug:
      m_Flags: 0
  m_NavMeshData: {fileID: 0}
--- !u!1001 &113180466
Prefab:
  m_ObjectHideFlags: 0
  serializedVersion: 2
  m_Modification:
    m_TransformParent: {fileID: 1455313183}
    m_Modifications:
    - target: {fileID: 224986405417361578, guid: 995db977df4c3f4469d2a640a29f40b5,
        type: 2}
      propertyPath: m_LocalPosition.x
      value: 0
      objectReference: {fileID: 0}
    - target: {fileID: 224986405417361578, guid: 995db977df4c3f4469d2a640a29f40b5,
        type: 2}
      propertyPath: m_LocalPosition.y
      value: 0
      objectReference: {fileID: 0}
    - target: {fileID: 224986405417361578, guid: 995db977df4c3f4469d2a640a29f40b5,
        type: 2}
      propertyPath: m_LocalPosition.z
      value: 0
      objectReference: {fileID: 0}
    - target: {fileID: 224986405417361578, guid: 995db977df4c3f4469d2a640a29f40b5,
        type: 2}
      propertyPath: m_LocalRotation.x
      value: -0
      objectReference: {fileID: 0}
    - target: {fileID: 224986405417361578, guid: 995db977df4c3f4469d2a640a29f40b5,
        type: 2}
      propertyPath: m_LocalRotation.y
      value: -0
      objectReference: {fileID: 0}
    - target: {fileID: 224986405417361578, guid: 995db977df4c3f4469d2a640a29f40b5,
        type: 2}
      propertyPath: m_LocalRotation.z
      value: -0
      objectReference: {fileID: 0}
    - target: {fileID: 224986405417361578, guid: 995db977df4c3f4469d2a640a29f40b5,
        type: 2}
      propertyPath: m_LocalRotation.w
      value: 1
      objectReference: {fileID: 0}
    - target: {fileID: 224986405417361578, guid: 995db977df4c3f4469d2a640a29f40b5,
        type: 2}
      propertyPath: m_RootOrder
      value: 5
      objectReference: {fileID: 0}
    - target: {fileID: 224986405417361578, guid: 995db977df4c3f4469d2a640a29f40b5,
        type: 2}
      propertyPath: m_AnchoredPosition.x
      value: 0
      objectReference: {fileID: 0}
    - target: {fileID: 224986405417361578, guid: 995db977df4c3f4469d2a640a29f40b5,
        type: 2}
      propertyPath: m_AnchoredPosition.y
      value: 0
      objectReference: {fileID: 0}
    - target: {fileID: 224986405417361578, guid: 995db977df4c3f4469d2a640a29f40b5,
        type: 2}
      propertyPath: m_SizeDelta.x
      value: 0
      objectReference: {fileID: 0}
    - target: {fileID: 224986405417361578, guid: 995db977df4c3f4469d2a640a29f40b5,
        type: 2}
      propertyPath: m_SizeDelta.y
      value: 0
      objectReference: {fileID: 0}
    - target: {fileID: 224986405417361578, guid: 995db977df4c3f4469d2a640a29f40b5,
        type: 2}
      propertyPath: m_AnchorMin.x
      value: 0.24550897
      objectReference: {fileID: 0}
    - target: {fileID: 224986405417361578, guid: 995db977df4c3f4469d2a640a29f40b5,
        type: 2}
      propertyPath: m_AnchorMin.y
      value: 0.022569444
      objectReference: {fileID: 0}
    - target: {fileID: 224986405417361578, guid: 995db977df4c3f4469d2a640a29f40b5,
        type: 2}
      propertyPath: m_AnchorMax.x
      value: 0.51544136
      objectReference: {fileID: 0}
    - target: {fileID: 224986405417361578, guid: 995db977df4c3f4469d2a640a29f40b5,
        type: 2}
      propertyPath: m_AnchorMax.y
      value: 0.8357639
      objectReference: {fileID: 0}
    - target: {fileID: 224986405417361578, guid: 995db977df4c3f4469d2a640a29f40b5,
        type: 2}
      propertyPath: m_Pivot.x
      value: 0.5
      objectReference: {fileID: 0}
    - target: {fileID: 224986405417361578, guid: 995db977df4c3f4469d2a640a29f40b5,
        type: 2}
      propertyPath: m_Pivot.y
      value: 0.5
      objectReference: {fileID: 0}
    - target: {fileID: 224633359729457956, guid: 995db977df4c3f4469d2a640a29f40b5,
        type: 2}
      propertyPath: m_AnchoredPosition.x
      value: 0.00024414062
      objectReference: {fileID: 0}
    - target: {fileID: 224013240050773648, guid: 995db977df4c3f4469d2a640a29f40b5,
        type: 2}
      propertyPath: m_AnchoredPosition.x
      value: 0.000061035156
      objectReference: {fileID: 0}
    - target: {fileID: 1636923400971858, guid: 995db977df4c3f4469d2a640a29f40b5, type: 2}
      propertyPath: m_Name
      value: Player2
      objectReference: {fileID: 0}
    - target: {fileID: 114388505796265518, guid: 995db977df4c3f4469d2a640a29f40b5,
        type: 2}
      propertyPath: m_Sprite
      value: 
      objectReference: {fileID: 21300000, guid: 604e874e4dfbc9541be02f7489ac93e6,
        type: 3}
    m_RemovedComponents: []
  m_ParentPrefab: {fileID: 100100000, guid: 995db977df4c3f4469d2a640a29f40b5, type: 2}
  m_IsPrefabParent: 0
--- !u!224 &113180467 stripped
RectTransform:
  m_PrefabParentObject: {fileID: 224986405417361578, guid: 995db977df4c3f4469d2a640a29f40b5,
    type: 2}
  m_PrefabInternal: {fileID: 113180466}
--- !u!114 &113180468 stripped
MonoBehaviour:
  m_PrefabParentObject: {fileID: 114264113766083712, guid: 995db977df4c3f4469d2a640a29f40b5,
    type: 2}
  m_PrefabInternal: {fileID: 113180466}
  m_Script: {fileID: 11500000, guid: ee51ad3cebcaa2446a8f8ab1523fbe6c, type: 3}
--- !u!114 &113180469 stripped
MonoBehaviour:
  m_PrefabParentObject: {fileID: 114796116607582772, guid: 995db977df4c3f4469d2a640a29f40b5,
    type: 2}
  m_PrefabInternal: {fileID: 113180466}
  m_Script: {fileID: 11500000, guid: 89299265fc445a24b8eee103b2563d25, type: 3}
--- !u!1001 &167795687
Prefab:
  m_ObjectHideFlags: 0
  serializedVersion: 2
  m_Modification:
    m_TransformParent: {fileID: 1455313183}
    m_Modifications:
    - target: {fileID: 224524271019589092, guid: f9cb1058ade45a54080ecd1a6413f65e,
        type: 2}
      propertyPath: m_LocalPosition.x
      value: 0
      objectReference: {fileID: 0}
    - target: {fileID: 224524271019589092, guid: f9cb1058ade45a54080ecd1a6413f65e,
        type: 2}
      propertyPath: m_LocalPosition.y
      value: 0
      objectReference: {fileID: 0}
    - target: {fileID: 224524271019589092, guid: f9cb1058ade45a54080ecd1a6413f65e,
        type: 2}
      propertyPath: m_LocalPosition.z
      value: 0
      objectReference: {fileID: 0}
    - target: {fileID: 224524271019589092, guid: f9cb1058ade45a54080ecd1a6413f65e,
        type: 2}
      propertyPath: m_LocalRotation.x
      value: -0
      objectReference: {fileID: 0}
    - target: {fileID: 224524271019589092, guid: f9cb1058ade45a54080ecd1a6413f65e,
        type: 2}
      propertyPath: m_LocalRotation.y
      value: -0
      objectReference: {fileID: 0}
    - target: {fileID: 224524271019589092, guid: f9cb1058ade45a54080ecd1a6413f65e,
        type: 2}
      propertyPath: m_LocalRotation.z
      value: -0
      objectReference: {fileID: 0}
    - target: {fileID: 224524271019589092, guid: f9cb1058ade45a54080ecd1a6413f65e,
        type: 2}
      propertyPath: m_LocalRotation.w
      value: 1
      objectReference: {fileID: 0}
    - target: {fileID: 224524271019589092, guid: f9cb1058ade45a54080ecd1a6413f65e,
        type: 2}
      propertyPath: m_RootOrder
      value: 2
      objectReference: {fileID: 0}
    - target: {fileID: 224524271019589092, guid: f9cb1058ade45a54080ecd1a6413f65e,
        type: 2}
      propertyPath: m_AnchoredPosition.x
      value: -652.12
      objectReference: {fileID: 0}
    - target: {fileID: 224524271019589092, guid: f9cb1058ade45a54080ecd1a6413f65e,
        type: 2}
      propertyPath: m_AnchoredPosition.y
      value: 0
      objectReference: {fileID: 0}
    - target: {fileID: 224524271019589092, guid: f9cb1058ade45a54080ecd1a6413f65e,
        type: 2}
      propertyPath: m_SizeDelta.x
      value: 0
      objectReference: {fileID: 0}
    - target: {fileID: 224524271019589092, guid: f9cb1058ade45a54080ecd1a6413f65e,
        type: 2}
      propertyPath: m_SizeDelta.y
      value: 0
      objectReference: {fileID: 0}
    - target: {fileID: 224524271019589092, guid: f9cb1058ade45a54080ecd1a6413f65e,
        type: 2}
      propertyPath: m_AnchorMin.x
      value: -0.0000001902692
      objectReference: {fileID: 0}
    - target: {fileID: 224524271019589092, guid: f9cb1058ade45a54080ecd1a6413f65e,
        type: 2}
      propertyPath: m_AnchorMin.y
      value: 0.8625
      objectReference: {fileID: 0}
    - target: {fileID: 224524271019589092, guid: f9cb1058ade45a54080ecd1a6413f65e,
        type: 2}
      propertyPath: m_AnchorMax.x
      value: 0.22031233
      objectReference: {fileID: 0}
    - target: {fileID: 224524271019589092, guid: f9cb1058ade45a54080ecd1a6413f65e,
        type: 2}
      propertyPath: m_AnchorMax.y
      value: 1
      objectReference: {fileID: 0}
    - target: {fileID: 224524271019589092, guid: f9cb1058ade45a54080ecd1a6413f65e,
        type: 2}
      propertyPath: m_Pivot.x
      value: 0.5
      objectReference: {fileID: 0}
    - target: {fileID: 224524271019589092, guid: f9cb1058ade45a54080ecd1a6413f65e,
        type: 2}
      propertyPath: m_Pivot.y
      value: 0.5
      objectReference: {fileID: 0}
    - target: {fileID: 114611752602390196, guid: f9cb1058ade45a54080ecd1a6413f65e,
        type: 2}
      propertyPath: m_Text
      value: results
      objectReference: {fileID: 0}
    m_RemovedComponents: []
  m_ParentPrefab: {fileID: 100100000, guid: f9cb1058ade45a54080ecd1a6413f65e, type: 2}
  m_IsPrefabParent: 0
--- !u!224 &167795688 stripped
RectTransform:
  m_PrefabParentObject: {fileID: 224524271019589092, guid: f9cb1058ade45a54080ecd1a6413f65e,
    type: 2}
  m_PrefabInternal: {fileID: 167795687}
--- !u!1 &260188827
GameObject:
  m_ObjectHideFlags: 0
  m_PrefabParentObject: {fileID: 0}
  m_PrefabInternal: {fileID: 0}
  serializedVersion: 5
  m_Component:
  - component: {fileID: 260188829}
  - component: {fileID: 260188828}
  m_Layer: 0
  m_Name: Game Manager Test
  m_TagString: Untagged
  m_Icon: {fileID: 0}
  m_NavMeshLayer: 0
  m_StaticEditorFlags: 0
  m_IsActive: 0
--- !u!114 &260188828
MonoBehaviour:
  m_ObjectHideFlags: 0
  m_PrefabParentObject: {fileID: 0}
  m_PrefabInternal: {fileID: 0}
  m_GameObject: {fileID: 260188827}
  m_Enabled: 1
  m_EditorHideFlags: 0
  m_Script: {fileID: 11500000, guid: 7590b8a80b8e4b74ca6e7bbcd2a289f2, type: 3}
  m_Name: 
  m_EditorClassIdentifier: 
  shufflePlayers: 0
  lastGameState: 0
  gameState: 0
  currentRound: 0
  maxRounds: 5
  currentGM: 0
  currentPlayer: 0
  currentDeck: 0
  turnTime: 0
  turnTimer: 30
  availableHints: []
  choosenHints: []
  hints: []
  players:
  - id: 0
    name: ben
    score: 0
    earned: 0
    fruitList: 010000000100000001000000
    fruitScores: 
    choosenPrompt: 
    isTruth: 0
    gm: {fileID: 260188828}
  - id: 1
    name: ben2
    score: 0
    earned: 0
    fruitList: 010000000000000002000000
    fruitScores: 
    choosenPrompt: 
    isTruth: 0
    gm: {fileID: 260188828}
  - id: 2
    name: ben3
    score: 0
    earned: 0
    fruitList: 010000000100000001000000
    fruitScores: 
    choosenPrompt: 
    isTruth: 0
    gm: {fileID: 260188828}
  - id: 3
    name: ben4
    score: 0
    earned: 0
    fruitList: 030000000400000000000000
    fruitScores: 
    choosenPrompt: 
    isTruth: 0
    gm: {fileID: 260188828}
  decks:
  - id: 0
    cards:
    - Grape
    - Banana
    - Apple
    - Kiwi Fruit
    - Blueberry
  ptr: {fileID: 0}
--- !u!4 &260188829
Transform:
  m_ObjectHideFlags: 0
  m_PrefabParentObject: {fileID: 0}
  m_PrefabInternal: {fileID: 0}
  m_GameObject: {fileID: 260188827}
  m_LocalRotation: {x: 0, y: 0, z: 0, w: 1}
  m_LocalPosition: {x: 3.0130658, y: -0.053242423, z: 89.877594}
  m_LocalScale: {x: 1, y: 1, z: 1}
  m_Children: []
  m_Father: {fileID: 0}
  m_RootOrder: 3
  m_LocalEulerAnglesHint: {x: 0, y: 0, z: 0}
--- !u!1 &305983676
GameObject:
  m_ObjectHideFlags: 0
  m_PrefabParentObject: {fileID: 0}
  m_PrefabInternal: {fileID: 0}
  serializedVersion: 5
  m_Component:
  - component: {fileID: 305983679}
  - component: {fileID: 305983678}
  - component: {fileID: 305983677}
  m_Layer: 0
  m_Name: EventSystem
  m_TagString: Untagged
  m_Icon: {fileID: 0}
  m_NavMeshLayer: 0
  m_StaticEditorFlags: 0
  m_IsActive: 1
--- !u!114 &305983677
MonoBehaviour:
  m_ObjectHideFlags: 0
  m_PrefabParentObject: {fileID: 0}
  m_PrefabInternal: {fileID: 0}
  m_GameObject: {fileID: 305983676}
  m_Enabled: 1
  m_EditorHideFlags: 0
  m_Script: {fileID: 1077351063, guid: f70555f144d8491a825f0804e09c671c, type: 3}
  m_Name: 
  m_EditorClassIdentifier: 
  m_HorizontalAxis: Horizontal
  m_VerticalAxis: Vertical
  m_SubmitButton: Submit
  m_CancelButton: Cancel
  m_InputActionsPerSecond: 10
  m_RepeatDelay: 0.5
  m_ForceModuleActive: 0
--- !u!114 &305983678
MonoBehaviour:
  m_ObjectHideFlags: 0
  m_PrefabParentObject: {fileID: 0}
  m_PrefabInternal: {fileID: 0}
  m_GameObject: {fileID: 305983676}
  m_Enabled: 1
  m_EditorHideFlags: 0
  m_Script: {fileID: -619905303, guid: f70555f144d8491a825f0804e09c671c, type: 3}
  m_Name: 
  m_EditorClassIdentifier: 
  m_FirstSelected: {fileID: 0}
  m_sendNavigationEvents: 1
  m_DragThreshold: 5
--- !u!4 &305983679
Transform:
  m_ObjectHideFlags: 0
  m_PrefabParentObject: {fileID: 0}
  m_PrefabInternal: {fileID: 0}
  m_GameObject: {fileID: 305983676}
  m_LocalRotation: {x: 0, y: 0, z: 0, w: 1}
  m_LocalPosition: {x: 0, y: 0, z: 0}
  m_LocalScale: {x: 1, y: 1, z: 1}
  m_Children: []
  m_Father: {fileID: 0}
  m_RootOrder: 2
  m_LocalEulerAnglesHint: {x: 0, y: 0, z: 0}
--- !u!1 &472101374
GameObject:
  m_ObjectHideFlags: 0
  m_PrefabParentObject: {fileID: 0}
  m_PrefabInternal: {fileID: 0}
  serializedVersion: 5
  m_Component:
  - component: {fileID: 472101375}
  - component: {fileID: 472101377}
  - component: {fileID: 472101376}
  m_Layer: 5
  m_Name: ResultsCorner
  m_TagString: Untagged
  m_Icon: {fileID: 0}
  m_NavMeshLayer: 0
  m_StaticEditorFlags: 0
  m_IsActive: 0
--- !u!224 &472101375
RectTransform:
  m_ObjectHideFlags: 0
  m_PrefabParentObject: {fileID: 0}
  m_PrefabInternal: {fileID: 0}
  m_GameObject: {fileID: 472101374}
  m_LocalRotation: {x: -0, y: -0, z: -0, w: 1}
  m_LocalPosition: {x: 0, y: 0, z: 0}
  m_LocalScale: {x: 0.99935985, y: 0.99935985, z: 0.99935985}
  m_Children: []
  m_Father: {fileID: 1455313183}
  m_RootOrder: 3
  m_LocalEulerAnglesHint: {x: 0, y: 0, z: 0}
  m_AnchorMin: {x: -0.008783784, y: 0.81047845}
  m_AnchorMax: {x: 0.20608108, y: 1.0563117}
  m_AnchoredPosition: {x: 0, y: 0}
  m_SizeDelta: {x: 0, y: 0}
  m_Pivot: {x: 0.5, y: 0.5}
--- !u!114 &472101376
MonoBehaviour:
  m_ObjectHideFlags: 0
  m_PrefabParentObject: {fileID: 0}
  m_PrefabInternal: {fileID: 0}
  m_GameObject: {fileID: 472101374}
  m_Enabled: 1
  m_EditorHideFlags: 0
  m_Script: {fileID: -765806418, guid: f70555f144d8491a825f0804e09c671c, type: 3}
  m_Name: 
  m_EditorClassIdentifier: 
  m_Material: {fileID: 0}
  m_Color: {r: 1, g: 1, b: 1, a: 1}
  m_RaycastTarget: 0
  m_OnCullStateChanged:
    m_PersistentCalls:
      m_Calls: []
    m_TypeName: UnityEngine.UI.MaskableGraphic+CullStateChangedEvent, UnityEngine.UI,
      Version=1.0.0.0, Culture=neutral, PublicKeyToken=null
  m_Sprite: {fileID: 21300000, guid: 071aad0609d30ef40af52fe1b02d875e, type: 3}
  m_Type: 0
  m_PreserveAspect: 0
  m_FillCenter: 1
  m_FillMethod: 4
  m_FillAmount: 1
  m_FillClockwise: 1
  m_FillOrigin: 0
--- !u!222 &472101377
CanvasRenderer:
  m_ObjectHideFlags: 0
  m_PrefabParentObject: {fileID: 0}
  m_PrefabInternal: {fileID: 0}
  m_GameObject: {fileID: 472101374}
--- !u!1001 &492901272
Prefab:
  m_ObjectHideFlags: 0
  serializedVersion: 2
  m_Modification:
    m_TransformParent: {fileID: 1455313183}
    m_Modifications:
    - target: {fileID: 224986405417361578, guid: 995db977df4c3f4469d2a640a29f40b5,
        type: 2}
      propertyPath: m_LocalPosition.x
      value: 0
      objectReference: {fileID: 0}
    - target: {fileID: 224986405417361578, guid: 995db977df4c3f4469d2a640a29f40b5,
        type: 2}
      propertyPath: m_LocalPosition.y
      value: 0
      objectReference: {fileID: 0}
    - target: {fileID: 224986405417361578, guid: 995db977df4c3f4469d2a640a29f40b5,
        type: 2}
      propertyPath: m_LocalPosition.z
      value: 0
      objectReference: {fileID: 0}
    - target: {fileID: 224986405417361578, guid: 995db977df4c3f4469d2a640a29f40b5,
        type: 2}
      propertyPath: m_LocalRotation.x
      value: -0
      objectReference: {fileID: 0}
    - target: {fileID: 224986405417361578, guid: 995db977df4c3f4469d2a640a29f40b5,
        type: 2}
      propertyPath: m_LocalRotation.y
      value: -0
      objectReference: {fileID: 0}
    - target: {fileID: 224986405417361578, guid: 995db977df4c3f4469d2a640a29f40b5,
        type: 2}
      propertyPath: m_LocalRotation.z
      value: -0
      objectReference: {fileID: 0}
    - target: {fileID: 224986405417361578, guid: 995db977df4c3f4469d2a640a29f40b5,
        type: 2}
      propertyPath: m_LocalRotation.w
      value: 1
      objectReference: {fileID: 0}
    - target: {fileID: 224986405417361578, guid: 995db977df4c3f4469d2a640a29f40b5,
        type: 2}
      propertyPath: m_RootOrder
      value: 7
      objectReference: {fileID: 0}
    - target: {fileID: 224986405417361578, guid: 995db977df4c3f4469d2a640a29f40b5,
        type: 2}
      propertyPath: m_AnchoredPosition.x
      value: 0
      objectReference: {fileID: 0}
    - target: {fileID: 224986405417361578, guid: 995db977df4c3f4469d2a640a29f40b5,
        type: 2}
      propertyPath: m_AnchoredPosition.y
      value: 0
      objectReference: {fileID: 0}
    - target: {fileID: 224986405417361578, guid: 995db977df4c3f4469d2a640a29f40b5,
        type: 2}
      propertyPath: m_SizeDelta.x
      value: 0
      objectReference: {fileID: 0}
    - target: {fileID: 224986405417361578, guid: 995db977df4c3f4469d2a640a29f40b5,
        type: 2}
      propertyPath: m_SizeDelta.y
      value: 0
      objectReference: {fileID: 0}
    - target: {fileID: 224986405417361578, guid: 995db977df4c3f4469d2a640a29f40b5,
        type: 2}
      propertyPath: m_AnchorMin.x
      value: 0.73008937
      objectReference: {fileID: 0}
    - target: {fileID: 224986405417361578, guid: 995db977df4c3f4469d2a640a29f40b5,
        type: 2}
      propertyPath: m_AnchorMin.y
      value: 0.022569444
      objectReference: {fileID: 0}
    - target: {fileID: 224986405417361578, guid: 995db977df4c3f4469d2a640a29f40b5,
        type: 2}
      propertyPath: m_AnchorMax.x
      value: 1.0000217
      objectReference: {fileID: 0}
    - target: {fileID: 224986405417361578, guid: 995db977df4c3f4469d2a640a29f40b5,
        type: 2}
      propertyPath: m_AnchorMax.y
      value: 0.8357639
      objectReference: {fileID: 0}
    - target: {fileID: 224986405417361578, guid: 995db977df4c3f4469d2a640a29f40b5,
        type: 2}
      propertyPath: m_Pivot.x
      value: 0.5
      objectReference: {fileID: 0}
    - target: {fileID: 224986405417361578, guid: 995db977df4c3f4469d2a640a29f40b5,
        type: 2}
      propertyPath: m_Pivot.y
      value: 0.5
      objectReference: {fileID: 0}
    - target: {fileID: 224633359729457956, guid: 995db977df4c3f4469d2a640a29f40b5,
        type: 2}
      propertyPath: m_AnchoredPosition.x
      value: 0.00024414062
      objectReference: {fileID: 0}
    - target: {fileID: 224013240050773648, guid: 995db977df4c3f4469d2a640a29f40b5,
        type: 2}
      propertyPath: m_AnchoredPosition.x
      value: 0.00012207031
      objectReference: {fileID: 0}
    - target: {fileID: 224986405417361578, guid: 995db977df4c3f4469d2a640a29f40b5,
        type: 2}
      propertyPath: m_LocalScale.x
      value: 1.00008
      objectReference: {fileID: 0}
    - target: {fileID: 224986405417361578, guid: 995db977df4c3f4469d2a640a29f40b5,
        type: 2}
      propertyPath: m_LocalScale.y
      value: 1.00008
      objectReference: {fileID: 0}
    - target: {fileID: 224986405417361578, guid: 995db977df4c3f4469d2a640a29f40b5,
        type: 2}
      propertyPath: m_LocalScale.z
      value: 1.00008
      objectReference: {fileID: 0}
    - target: {fileID: 1636923400971858, guid: 995db977df4c3f4469d2a640a29f40b5, type: 2}
      propertyPath: m_Name
      value: Player4
      objectReference: {fileID: 0}
    - target: {fileID: 114388505796265518, guid: 995db977df4c3f4469d2a640a29f40b5,
        type: 2}
      propertyPath: m_Sprite
      value: 
      objectReference: {fileID: 21300000, guid: 50fdb476341193a41a585ce6ffcaeca9,
        type: 3}
    m_RemovedComponents: []
  m_ParentPrefab: {fileID: 100100000, guid: 995db977df4c3f4469d2a640a29f40b5, type: 2}
  m_IsPrefabParent: 0
--- !u!224 &492901273 stripped
RectTransform:
  m_PrefabParentObject: {fileID: 224986405417361578, guid: 995db977df4c3f4469d2a640a29f40b5,
    type: 2}
  m_PrefabInternal: {fileID: 492901272}
--- !u!114 &492901274 stripped
MonoBehaviour:
  m_PrefabParentObject: {fileID: 114264113766083712, guid: 995db977df4c3f4469d2a640a29f40b5,
    type: 2}
  m_PrefabInternal: {fileID: 492901272}
  m_Script: {fileID: 11500000, guid: ee51ad3cebcaa2446a8f8ab1523fbe6c, type: 3}
--- !u!114 &492901275 stripped
MonoBehaviour:
  m_PrefabParentObject: {fileID: 114796116607582772, guid: 995db977df4c3f4469d2a640a29f40b5,
    type: 2}
  m_PrefabInternal: {fileID: 492901272}
  m_Script: {fileID: 11500000, guid: 89299265fc445a24b8eee103b2563d25, type: 3}
--- !u!224 &695501186 stripped
RectTransform:
  m_PrefabParentObject: {fileID: 224986405417361578, guid: 995db977df4c3f4469d2a640a29f40b5,
    type: 2}
  m_PrefabInternal: {fileID: 2125295460}
--- !u!114 &695501187 stripped
MonoBehaviour:
  m_PrefabParentObject: {fileID: 114796116607582772, guid: 995db977df4c3f4469d2a640a29f40b5,
    type: 2}
  m_PrefabInternal: {fileID: 2125295460}
  m_Script: {fileID: 11500000, guid: 89299265fc445a24b8eee103b2563d25, type: 3}
--- !u!114 &695501189 stripped
MonoBehaviour:
  m_PrefabParentObject: {fileID: 114264113766083712, guid: 995db977df4c3f4469d2a640a29f40b5,
    type: 2}
  m_PrefabInternal: {fileID: 2125295460}
  m_Script: {fileID: 11500000, guid: ee51ad3cebcaa2446a8f8ab1523fbe6c, type: 3}
--- !u!1001 &1215267905
Prefab:
  m_ObjectHideFlags: 0
  serializedVersion: 2
  m_Modification:
    m_TransformParent: {fileID: 1455313183}
    m_Modifications:
    - target: {fileID: 224986405417361578, guid: 995db977df4c3f4469d2a640a29f40b5,
        type: 2}
      propertyPath: m_LocalPosition.x
      value: 0
      objectReference: {fileID: 0}
    - target: {fileID: 224986405417361578, guid: 995db977df4c3f4469d2a640a29f40b5,
        type: 2}
      propertyPath: m_LocalPosition.y
      value: 0
      objectReference: {fileID: 0}
    - target: {fileID: 224986405417361578, guid: 995db977df4c3f4469d2a640a29f40b5,
        type: 2}
      propertyPath: m_LocalPosition.z
      value: 0
      objectReference: {fileID: 0}
    - target: {fileID: 224986405417361578, guid: 995db977df4c3f4469d2a640a29f40b5,
        type: 2}
      propertyPath: m_LocalRotation.x
      value: -0
      objectReference: {fileID: 0}
    - target: {fileID: 224986405417361578, guid: 995db977df4c3f4469d2a640a29f40b5,
        type: 2}
      propertyPath: m_LocalRotation.y
      value: -0
      objectReference: {fileID: 0}
    - target: {fileID: 224986405417361578, guid: 995db977df4c3f4469d2a640a29f40b5,
        type: 2}
      propertyPath: m_LocalRotation.z
      value: -0
      objectReference: {fileID: 0}
    - target: {fileID: 224986405417361578, guid: 995db977df4c3f4469d2a640a29f40b5,
        type: 2}
      propertyPath: m_LocalRotation.w
      value: 1
      objectReference: {fileID: 0}
    - target: {fileID: 224986405417361578, guid: 995db977df4c3f4469d2a640a29f40b5,
        type: 2}
      propertyPath: m_RootOrder
      value: 6
      objectReference: {fileID: 0}
    - target: {fileID: 224986405417361578, guid: 995db977df4c3f4469d2a640a29f40b5,
        type: 2}
      propertyPath: m_AnchoredPosition.x
      value: 0
      objectReference: {fileID: 0}
    - target: {fileID: 224986405417361578, guid: 995db977df4c3f4469d2a640a29f40b5,
        type: 2}
      propertyPath: m_AnchoredPosition.y
      value: 0
      objectReference: {fileID: 0}
    - target: {fileID: 224986405417361578, guid: 995db977df4c3f4469d2a640a29f40b5,
        type: 2}
      propertyPath: m_SizeDelta.x
      value: 0
      objectReference: {fileID: 0}
    - target: {fileID: 224986405417361578, guid: 995db977df4c3f4469d2a640a29f40b5,
        type: 2}
      propertyPath: m_SizeDelta.y
      value: 0
      objectReference: {fileID: 0}
    - target: {fileID: 224986405417361578, guid: 995db977df4c3f4469d2a640a29f40b5,
        type: 2}
      propertyPath: m_AnchorMin.x
      value: 0.49004465
      objectReference: {fileID: 0}
    - target: {fileID: 224986405417361578, guid: 995db977df4c3f4469d2a640a29f40b5,
        type: 2}
      propertyPath: m_AnchorMin.y
      value: 0.022569444
      objectReference: {fileID: 0}
    - target: {fileID: 224986405417361578, guid: 995db977df4c3f4469d2a640a29f40b5,
        type: 2}
      propertyPath: m_AnchorMax.x
      value: 0.75997704
      objectReference: {fileID: 0}
    - target: {fileID: 224986405417361578, guid: 995db977df4c3f4469d2a640a29f40b5,
        type: 2}
      propertyPath: m_AnchorMax.y
      value: 0.8357639
      objectReference: {fileID: 0}
    - target: {fileID: 224986405417361578, guid: 995db977df4c3f4469d2a640a29f40b5,
        type: 2}
      propertyPath: m_Pivot.x
      value: 0.5
      objectReference: {fileID: 0}
    - target: {fileID: 224986405417361578, guid: 995db977df4c3f4469d2a640a29f40b5,
        type: 2}
      propertyPath: m_Pivot.y
      value: 0.5
      objectReference: {fileID: 0}
    - target: {fileID: 224633359729457956, guid: 995db977df4c3f4469d2a640a29f40b5,
        type: 2}
      propertyPath: m_AnchoredPosition.x
      value: 0.00024414062
      objectReference: {fileID: 0}
    - target: {fileID: 224013240050773648, guid: 995db977df4c3f4469d2a640a29f40b5,
        type: 2}
      propertyPath: m_AnchoredPosition.x
      value: 0.00012207031
      objectReference: {fileID: 0}
    - target: {fileID: 224986405417361578, guid: 995db977df4c3f4469d2a640a29f40b5,
        type: 2}
      propertyPath: m_LocalScale.x
      value: 1.00008
      objectReference: {fileID: 0}
    - target: {fileID: 224986405417361578, guid: 995db977df4c3f4469d2a640a29f40b5,
        type: 2}
      propertyPath: m_LocalScale.y
      value: 1.00008
      objectReference: {fileID: 0}
    - target: {fileID: 224986405417361578, guid: 995db977df4c3f4469d2a640a29f40b5,
        type: 2}
      propertyPath: m_LocalScale.z
      value: 1.00008
      objectReference: {fileID: 0}
    - target: {fileID: 1636923400971858, guid: 995db977df4c3f4469d2a640a29f40b5, type: 2}
      propertyPath: m_Name
      value: Player3
      objectReference: {fileID: 0}
    - target: {fileID: 114388505796265518, guid: 995db977df4c3f4469d2a640a29f40b5,
        type: 2}
      propertyPath: m_Sprite
      value: 
      objectReference: {fileID: 21300000, guid: 05282efa9a195544aaab72e1a7f25d63,
        type: 3}
    m_RemovedComponents: []
  m_ParentPrefab: {fileID: 100100000, guid: 995db977df4c3f4469d2a640a29f40b5, type: 2}
  m_IsPrefabParent: 0
--- !u!224 &1215267906 stripped
RectTransform:
  m_PrefabParentObject: {fileID: 224986405417361578, guid: 995db977df4c3f4469d2a640a29f40b5,
    type: 2}
  m_PrefabInternal: {fileID: 1215267905}
--- !u!114 &1215267907 stripped
MonoBehaviour:
  m_PrefabParentObject: {fileID: 114264113766083712, guid: 995db977df4c3f4469d2a640a29f40b5,
    type: 2}
  m_PrefabInternal: {fileID: 1215267905}
  m_Script: {fileID: 11500000, guid: ee51ad3cebcaa2446a8f8ab1523fbe6c, type: 3}
--- !u!114 &1215267908 stripped
MonoBehaviour:
  m_PrefabParentObject: {fileID: 114796116607582772, guid: 995db977df4c3f4469d2a640a29f40b5,
    type: 2}
  m_PrefabInternal: {fileID: 1215267905}
  m_Script: {fileID: 11500000, guid: 89299265fc445a24b8eee103b2563d25, type: 3}
--- !u!1 &1391792771
GameObject:
  m_ObjectHideFlags: 0
  m_PrefabParentObject: {fileID: 0}
  m_PrefabInternal: {fileID: 0}
  serializedVersion: 5
  m_Component:
  - component: {fileID: 1391792772}
  - component: {fileID: 1391792774}
  - component: {fileID: 1391792773}
  m_Layer: 5
  m_Name: Background
  m_TagString: Untagged
  m_Icon: {fileID: 0}
  m_NavMeshLayer: 0
  m_StaticEditorFlags: 0
  m_IsActive: 1
--- !u!224 &1391792772
RectTransform:
  m_ObjectHideFlags: 0
  m_PrefabParentObject: {fileID: 0}
  m_PrefabInternal: {fileID: 0}
  m_GameObject: {fileID: 1391792771}
  m_LocalRotation: {x: 0, y: 0, z: 0, w: 1}
  m_LocalPosition: {x: 0, y: 0, z: 0}
  m_LocalScale: {x: 1, y: 1, z: 1}
  m_Children: []
  m_Father: {fileID: 1455313183}
  m_RootOrder: 0
  m_LocalEulerAnglesHint: {x: 0, y: 0, z: 0}
  m_AnchorMin: {x: 0, y: 0}
  m_AnchorMax: {x: 1, y: 1}
  m_AnchoredPosition: {x: 0, y: 0}
  m_SizeDelta: {x: 0, y: 0}
  m_Pivot: {x: 0.5, y: 0.5}
--- !u!114 &1391792773
MonoBehaviour:
  m_ObjectHideFlags: 0
  m_PrefabParentObject: {fileID: 0}
  m_PrefabInternal: {fileID: 0}
  m_GameObject: {fileID: 1391792771}
  m_Enabled: 1
  m_EditorHideFlags: 0
  m_Script: {fileID: -765806418, guid: f70555f144d8491a825f0804e09c671c, type: 3}
  m_Name: 
  m_EditorClassIdentifier: 
  m_Material: {fileID: 0}
  m_Color: {r: 1, g: 1, b: 1, a: 1}
  m_RaycastTarget: 0
  m_OnCullStateChanged:
    m_PersistentCalls:
      m_Calls: []
    m_TypeName: UnityEngine.UI.MaskableGraphic+CullStateChangedEvent, UnityEngine.UI,
      Version=1.0.0.0, Culture=neutral, PublicKeyToken=null
  m_Sprite: {fileID: 21300000, guid: 3d4c0d216be9f8447970a3056974bb72, type: 3}
  m_Type: 0
  m_PreserveAspect: 0
  m_FillCenter: 1
  m_FillMethod: 4
  m_FillAmount: 1
  m_FillClockwise: 1
  m_FillOrigin: 0
--- !u!222 &1391792774
CanvasRenderer:
  m_ObjectHideFlags: 0
  m_PrefabParentObject: {fileID: 0}
  m_PrefabInternal: {fileID: 0}
  m_GameObject: {fileID: 1391792771}
--- !u!1 &1418127747
GameObject:
  m_ObjectHideFlags: 0
  m_PrefabParentObject: {fileID: 0}
  m_PrefabInternal: {fileID: 0}
  serializedVersion: 5
  m_Component:
  - component: {fileID: 1418127748}
  - component: {fileID: 1418127750}
  - component: {fileID: 1418127749}
  m_Layer: 5
  m_Name: TopBarStretch
  m_TagString: Untagged
  m_Icon: {fileID: 0}
  m_NavMeshLayer: 0
  m_StaticEditorFlags: 0
  m_IsActive: 1
--- !u!224 &1418127748
RectTransform:
  m_ObjectHideFlags: 0
  m_PrefabParentObject: {fileID: 0}
  m_PrefabInternal: {fileID: 0}
  m_GameObject: {fileID: 1418127747}
  m_LocalRotation: {x: 0, y: 0, z: 0, w: 1}
  m_LocalPosition: {x: 0, y: 0, z: 0}
  m_LocalScale: {x: 1, y: 1, z: 1}
  m_Children: []
  m_Father: {fileID: 1455313183}
  m_RootOrder: 1
  m_LocalEulerAnglesHint: {x: 0, y: 0, z: 0}
  m_AnchorMin: {x: -0.013040541, y: 0.8522222}
  m_AnchorMax: {x: 1.0143244, y: 1.0480555}
  m_AnchoredPosition: {x: 0, y: 0}
  m_SizeDelta: {x: 0, y: 0}
  m_Pivot: {x: 0.5, y: 0.5}
--- !u!114 &1418127749
MonoBehaviour:
  m_ObjectHideFlags: 0
  m_PrefabParentObject: {fileID: 0}
  m_PrefabInternal: {fileID: 0}
  m_GameObject: {fileID: 1418127747}
  m_Enabled: 1
  m_EditorHideFlags: 0
  m_Script: {fileID: -765806418, guid: f70555f144d8491a825f0804e09c671c, type: 3}
  m_Name: 
  m_EditorClassIdentifier: 
  m_Material: {fileID: 0}
  m_Color: {r: 1, g: 1, b: 1, a: 1}
  m_RaycastTarget: 0
  m_OnCullStateChanged:
    m_PersistentCalls:
      m_Calls: []
    m_TypeName: UnityEngine.UI.MaskableGraphic+CullStateChangedEvent, UnityEngine.UI,
      Version=1.0.0.0, Culture=neutral, PublicKeyToken=null
  m_Sprite: {fileID: 21300000, guid: ce4acad1968e781459bfb6e4d2dc6a6a, type: 3}
  m_Type: 0
  m_PreserveAspect: 0
  m_FillCenter: 1
  m_FillMethod: 4
  m_FillAmount: 1
  m_FillClockwise: 1
  m_FillOrigin: 0
--- !u!222 &1418127750
CanvasRenderer:
  m_ObjectHideFlags: 0
  m_PrefabParentObject: {fileID: 0}
  m_PrefabInternal: {fileID: 0}
  m_GameObject: {fileID: 1418127747}
--- !u!1 &1455313179
GameObject:
  m_ObjectHideFlags: 0
  m_PrefabParentObject: {fileID: 0}
  m_PrefabInternal: {fileID: 0}
  serializedVersion: 5
  m_Component:
  - component: {fileID: 1455313183}
  - component: {fileID: 1455313182}
  - component: {fileID: 1455313181}
  - component: {fileID: 1455313180}
  - component: {fileID: 1455313184}
  m_Layer: 5
  m_Name: Canvas
  m_TagString: Untagged
  m_Icon: {fileID: 0}
  m_NavMeshLayer: 0
  m_StaticEditorFlags: 0
  m_IsActive: 1
--- !u!114 &1455313180
MonoBehaviour:
  m_ObjectHideFlags: 0
  m_PrefabParentObject: {fileID: 0}
  m_PrefabInternal: {fileID: 0}
  m_GameObject: {fileID: 1455313179}
  m_Enabled: 1
  m_EditorHideFlags: 0
  m_Script: {fileID: 1301386320, guid: f70555f144d8491a825f0804e09c671c, type: 3}
  m_Name: 
  m_EditorClassIdentifier: 
  m_IgnoreReversedGraphics: 1
  m_BlockingObjects: 0
  m_BlockingMask:
    serializedVersion: 2
    m_Bits: 4294967295
--- !u!114 &1455313181
MonoBehaviour:
  m_ObjectHideFlags: 0
  m_PrefabParentObject: {fileID: 0}
  m_PrefabInternal: {fileID: 0}
  m_GameObject: {fileID: 1455313179}
  m_Enabled: 1
  m_EditorHideFlags: 0
  m_Script: {fileID: 1980459831, guid: f70555f144d8491a825f0804e09c671c, type: 3}
  m_Name: 
  m_EditorClassIdentifier: 
  m_UiScaleMode: 1
  m_ReferencePixelsPerUnit: 100
  m_ScaleFactor: 1
  m_ReferenceResolution: {x: 2960, y: 1440}
  m_ScreenMatchMode: 0
  m_MatchWidthOrHeight: 1
  m_PhysicalUnit: 3
  m_FallbackScreenDPI: 96
  m_DefaultSpriteDPI: 96
  m_DynamicPixelsPerUnit: 1
--- !u!223 &1455313182
Canvas:
  m_ObjectHideFlags: 0
  m_PrefabParentObject: {fileID: 0}
  m_PrefabInternal: {fileID: 0}
  m_GameObject: {fileID: 1455313179}
  m_Enabled: 1
  serializedVersion: 3
  m_RenderMode: 1
  m_Camera: {fileID: 1925616708}
  m_PlaneDistance: 100
  m_PixelPerfect: 0
  m_ReceivesEvents: 1
  m_OverrideSorting: 0
  m_OverridePixelPerfect: 0
  m_SortingBucketNormalizedSize: 0
  m_AdditionalShaderChannelsFlag: 0
  m_SortingLayerID: 0
  m_SortingOrder: 0
  m_TargetDisplay: 0
--- !u!224 &1455313183
RectTransform:
  m_ObjectHideFlags: 0
  m_PrefabParentObject: {fileID: 0}
  m_PrefabInternal: {fileID: 0}
  m_GameObject: {fileID: 1455313179}
  m_LocalRotation: {x: 0, y: 0, z: 0, w: 1}
  m_LocalPosition: {x: 0, y: 0, z: 0}
  m_LocalScale: {x: 0, y: 0, z: 0}
  m_Children:
  - {fileID: 1391792772}
  - {fileID: 1418127748}
  - {fileID: 167795688}
  - {fileID: 472101375}
  - {fileID: 695501186}
  - {fileID: 113180467}
  - {fileID: 1215267906}
  - {fileID: 492901273}
  - {fileID: 1852715306}
  - {fileID: 1481981995}
  m_Father: {fileID: 0}
  m_RootOrder: 1
  m_LocalEulerAnglesHint: {x: 0, y: 0, z: 0}
  m_AnchorMin: {x: 0, y: 0}
  m_AnchorMax: {x: 0, y: 0}
  m_AnchoredPosition: {x: 0, y: 0}
  m_SizeDelta: {x: 0, y: 0}
  m_Pivot: {x: 0, y: 0}
--- !u!114 &1455313184
MonoBehaviour:
  m_ObjectHideFlags: 0
  m_PrefabParentObject: {fileID: 0}
  m_PrefabInternal: {fileID: 0}
  m_GameObject: {fileID: 1455313179}
  m_Enabled: 1
  m_EditorHideFlags: 0
  m_Script: {fileID: 11500000, guid: 916ea570574f8844686a118916b3f57a, type: 3}
  m_Name: 
  m_EditorClassIdentifier: 
  fruitSprites:
  - {fileID: 21300000, guid: 881a166542beea447b69adfc44b70b62, type: 3}
  - {fileID: 21300000, guid: 197b50b103297434eb11b4d8af8e8926, type: 3}
  - {fileID: 21300000, guid: 084eae1d74d9fb04b87109f827e0cdb5, type: 3}
  - {fileID: 21300000, guid: 789d42707e1ccca45bfcf17abdfe3651, type: 3}
  - {fileID: 21300000, guid: 0a0d62ba1356ea844b6620bd4d955de4, type: 3}
  achievementSprites:
  - {fileID: 21300000, guid: 5775bee1eccbf524f9429c5accc6e477, type: 3}
  - {fileID: 21300000, guid: aaba653acad0d7349b3841c72e5419c1, type: 3}
  playersReferences:
  - {fileID: 695501187}
  - {fileID: 113180469}
  - {fileID: 1215267908}
  - {fileID: 492901275}
  animationReferences:
  - {fileID: 695501189}
  - {fileID: 113180468}
  - {fileID: 1215267907}
  - {fileID: 492901274}
  gm: {fileID: 0}
  startupTime: 1
  fruitDelayTime: 0.5
  fruitInitTime: 1
  fruitPopupTime: 1
  scoreWaitTimer: 0.1
  scoreTimer: 1
  scoreInbetweenWaitTimer: 3.5
  GMBannerCurve:
    serializedVersion: 2
    m_Curve:
    - serializedVersion: 2
      time: 0
      value: 0
      inSlope: 2
      outSlope: 2
      tangentMode: 0
    - serializedVersion: 2
      time: 0.43003628
      value: 0.9855688
      inSlope: 0.9560585
      outSlope: 0.9560585
      tangentMode: 0
    - serializedVersion: 2
      time: 1
      value: 1
      inSlope: 0
      outSlope: 0
      tangentMode: 0
    m_PreInfinity: 2
    m_PostInfinity: 2
    m_RotationOrder: 0
  fruitCurve:
    serializedVersion: 2
    m_Curve:
    - serializedVersion: 2
      time: 0
      value: 0
      inSlope: 2
      outSlope: 2
      tangentMode: 0
    - serializedVersion: 2
      time: 0.28107968
      value: 0.9538584
      inSlope: 1.0931492
      outSlope: 1.0931492
      tangentMode: 0
    - serializedVersion: 2
      time: 1
      value: 1
      inSlope: 0
      outSlope: 0
      tangentMode: 0
    m_PreInfinity: 2
    m_PostInfinity: 2
    m_RotationOrder: 0
  linearCurve:
    serializedVersion: 2
    m_Curve:
    - serializedVersion: 2
      time: 0
      value: 0
      inSlope: 1
      outSlope: 1
      tangentMode: 0
    - serializedVersion: 2
      time: 1
      value: 1
      inSlope: 1
      outSlope: 1
      tangentMode: 0
    m_PreInfinity: 2
    m_PostInfinity: 2
    m_RotationOrder: 0
  nextButton: {fileID: 1852715305}
--- !u!1 &1481981994
GameObject:
  m_ObjectHideFlags: 0
  m_PrefabParentObject: {fileID: 0}
  m_PrefabInternal: {fileID: 0}
  serializedVersion: 5
  m_Component:
  - component: {fileID: 1481981995}
  - component: {fileID: 1481981997}
  - component: {fileID: 1481981996}
  m_Layer: 5
  m_Name: Frame
  m_TagString: Untagged
  m_Icon: {fileID: 0}
  m_NavMeshLayer: 0
  m_StaticEditorFlags: 0
  m_IsActive: 1
--- !u!224 &1481981995
RectTransform:
  m_ObjectHideFlags: 0
  m_PrefabParentObject: {fileID: 0}
  m_PrefabInternal: {fileID: 0}
  m_GameObject: {fileID: 1481981994}
  m_LocalRotation: {x: -0, y: -0, z: -0, w: 1}
  m_LocalPosition: {x: 0, y: 0, z: 0}
  m_LocalScale: {x: 0.99935985, y: 0.99935985, z: 0.99935985}
  m_Children: []
  m_Father: {fileID: 1455313183}
  m_RootOrder: 9
  m_LocalEulerAnglesHint: {x: 0, y: 0, z: 0}
  m_AnchorMin: {x: 0, y: 0}
  m_AnchorMax: {x: 1, y: 1}
  m_AnchoredPosition: {x: 0, y: 0}
  m_SizeDelta: {x: 0, y: 0}
  m_Pivot: {x: 0.5, y: 0.5}
--- !u!114 &1481981996
MonoBehaviour:
  m_ObjectHideFlags: 0
  m_PrefabParentObject: {fileID: 0}
  m_PrefabInternal: {fileID: 0}
  m_GameObject: {fileID: 1481981994}
  m_Enabled: 1
  m_EditorHideFlags: 0
  m_Script: {fileID: -765806418, guid: f70555f144d8491a825f0804e09c671c, type: 3}
  m_Name: 
  m_EditorClassIdentifier: 
  m_Material: {fileID: 0}
  m_Color: {r: 1, g: 1, b: 1, a: 1}
  m_RaycastTarget: 0
  m_OnCullStateChanged:
    m_PersistentCalls:
      m_Calls: []
    m_TypeName: UnityEngine.UI.MaskableGraphic+CullStateChangedEvent, UnityEngine.UI,
      Version=1.0.0.0, Culture=neutral, PublicKeyToken=null
  m_Sprite: {fileID: 21300000, guid: bc38bbb32bdd5234cadb73425cf7d9af, type: 3}
  m_Type: 0
  m_PreserveAspect: 0
  m_FillCenter: 1
  m_FillMethod: 4
  m_FillAmount: 1
  m_FillClockwise: 1
  m_FillOrigin: 0
--- !u!222 &1481981997
CanvasRenderer:
  m_ObjectHideFlags: 0
  m_PrefabParentObject: {fileID: 0}
  m_PrefabInternal: {fileID: 0}
  m_GameObject: {fileID: 1481981994}
--- !u!1 &1852715305
GameObject:
  m_ObjectHideFlags: 0
  m_PrefabParentObject: {fileID: 0}
  m_PrefabInternal: {fileID: 0}
  serializedVersion: 5
  m_Component:
  - component: {fileID: 1852715306}
  - component: {fileID: 1852715309}
  - component: {fileID: 1852715308}
  - component: {fileID: 1852715307}
  - component: {fileID: 1852715310}
  m_Layer: 5
  m_Name: Next Round Button
  m_TagString: Untagged
  m_Icon: {fileID: 0}
  m_NavMeshLayer: 0
  m_StaticEditorFlags: 0
  m_IsActive: 0
--- !u!224 &1852715306
RectTransform:
  m_ObjectHideFlags: 0
  m_PrefabParentObject: {fileID: 0}
  m_PrefabInternal: {fileID: 0}
  m_GameObject: {fileID: 1852715305}
  m_LocalRotation: {x: 0, y: 0, z: 0, w: 1}
  m_LocalPosition: {x: 0, y: 0, z: 0}
  m_LocalScale: {x: 1, y: 1, z: 1}
  m_Children: []
  m_Father: {fileID: 1455313183}
  m_RootOrder: 8
  m_LocalEulerAnglesHint: {x: 0, y: 0, z: 0}
  m_AnchorMin: {x: 0.8829392, y: 0.022569561}
  m_AnchorMax: {x: 0.99138516, y: 0.12673622}
  m_AnchoredPosition: {x: 0, y: 0}
  m_SizeDelta: {x: 0, y: 0}
  m_Pivot: {x: 0.5, y: 0.5}
--- !u!114 &1852715307
MonoBehaviour:
  m_ObjectHideFlags: 0
  m_PrefabParentObject: {fileID: 0}
  m_PrefabInternal: {fileID: 0}
  m_GameObject: {fileID: 1852715305}
  m_Enabled: 1
  m_EditorHideFlags: 0
  m_Script: {fileID: 1392445389, guid: f70555f144d8491a825f0804e09c671c, type: 3}
  m_Name: 
  m_EditorClassIdentifier: 
  m_Navigation:
    m_Mode: 3
    m_SelectOnUp: {fileID: 0}
    m_SelectOnDown: {fileID: 0}
    m_SelectOnLeft: {fileID: 0}
    m_SelectOnRight: {fileID: 0}
  m_Transition: 2
  m_Colors:
    m_NormalColor: {r: 1, g: 1, b: 1, a: 1}
    m_HighlightedColor: {r: 0.9607843, g: 0.9607843, b: 0.9607843, a: 1}
    m_PressedColor: {r: 0.78431374, g: 0.78431374, b: 0.78431374, a: 1}
    m_DisabledColor: {r: 0.78431374, g: 0.78431374, b: 0.78431374, a: 0.5019608}
    m_ColorMultiplier: 1
    m_FadeDuration: 0.1
  m_SpriteState:
    m_HighlightedSprite: {fileID: 21300000, guid: 877dd54579af98d43b27b5a92d6f8827,
      type: 3}
    m_PressedSprite: {fileID: 21300000, guid: 877dd54579af98d43b27b5a92d6f8827, type: 3}
    m_DisabledSprite: {fileID: 0}
  m_AnimationTriggers:
    m_NormalTrigger: Normal
    m_HighlightedTrigger: Highlighted
    m_PressedTrigger: Pressed
    m_DisabledTrigger: Disabled
  m_Interactable: 1
  m_TargetGraphic: {fileID: 1852715308}
  m_OnClick:
    m_PersistentCalls:
      m_Calls:
      - m_Target: {fileID: 1455313184}
        m_MethodName: EndRound
        m_Mode: 1
        m_Arguments:
          m_ObjectArgument: {fileID: 0}
          m_ObjectArgumentAssemblyTypeName: UnityEngine.Object, UnityEngine
          m_IntArgument: 0
          m_FloatArgument: 0
          m_StringArgument: 
          m_BoolArgument: 0
        m_CallState: 2
      - m_Target: {fileID: 1852715310}
        m_MethodName: PlayOneShot
        m_Mode: 2
        m_Arguments:
          m_ObjectArgument: {fileID: 8300000, guid: 7fdbaef715e09fd408bcd6dd164a31f9,
            type: 3}
          m_ObjectArgumentAssemblyTypeName: UnityEngine.AudioClip, UnityEngine
          m_IntArgument: 0
          m_FloatArgument: 0
          m_StringArgument: 
          m_BoolArgument: 0
        m_CallState: 2
    m_TypeName: UnityEngine.UI.Button+ButtonClickedEvent, UnityEngine.UI, Version=1.0.0.0,
      Culture=neutral, PublicKeyToken=null
--- !u!114 &1852715308
MonoBehaviour:
  m_ObjectHideFlags: 0
  m_PrefabParentObject: {fileID: 0}
  m_PrefabInternal: {fileID: 0}
  m_GameObject: {fileID: 1852715305}
  m_Enabled: 1
  m_EditorHideFlags: 0
  m_Script: {fileID: -765806418, guid: f70555f144d8491a825f0804e09c671c, type: 3}
  m_Name: 
  m_EditorClassIdentifier: 
  m_Material: {fileID: 0}
  m_Color: {r: 1, g: 1, b: 1, a: 1}
  m_RaycastTarget: 1
  m_OnCullStateChanged:
    m_PersistentCalls:
      m_Calls: []
    m_TypeName: UnityEngine.UI.MaskableGraphic+CullStateChangedEvent, UnityEngine.UI,
      Version=1.0.0.0, Culture=neutral, PublicKeyToken=null
  m_Sprite: {fileID: 21300000, guid: e4c1174e9be3c5440924fcc1f9cb8386, type: 3}
  m_Type: 0
  m_PreserveAspect: 0
  m_FillCenter: 1
  m_FillMethod: 4
  m_FillAmount: 1
  m_FillClockwise: 1
  m_FillOrigin: 0
--- !u!222 &1852715309
CanvasRenderer:
  m_ObjectHideFlags: 0
  m_PrefabParentObject: {fileID: 0}
  m_PrefabInternal: {fileID: 0}
  m_GameObject: {fileID: 1852715305}
--- !u!82 &1852715310
AudioSource:
  m_ObjectHideFlags: 0
  m_PrefabParentObject: {fileID: 0}
  m_PrefabInternal: {fileID: 0}
  m_GameObject: {fileID: 1852715305}
  m_Enabled: 1
  serializedVersion: 4
  OutputAudioMixerGroup: {fileID: 0}
  m_audioClip: {fileID: 0}
  m_PlayOnAwake: 1
  m_Volume: 1
  m_Pitch: 1
  Loop: 0
  Mute: 0
  Spatialize: 0
  SpatializePostEffects: 0
  Priority: 128
  DopplerLevel: 1
  MinDistance: 1
  MaxDistance: 500
  Pan2D: 0
  rolloffMode: 0
  BypassEffects: 0
  BypassListenerEffects: 0
  BypassReverbZones: 0
  rolloffCustomCurve:
    serializedVersion: 2
    m_Curve:
    - serializedVersion: 2
      time: 0
      value: 1
      inSlope: 0
      outSlope: 0
      tangentMode: 0
    - serializedVersion: 2
      time: 1
      value: 0
      inSlope: 0
      outSlope: 0
      tangentMode: 0
    m_PreInfinity: 2
    m_PostInfinity: 2
    m_RotationOrder: 4
  panLevelCustomCurve:
    serializedVersion: 2
    m_Curve:
    - serializedVersion: 2
      time: 0
      value: 0
      inSlope: 0
      outSlope: 0
      tangentMode: 0
    m_PreInfinity: 2
    m_PostInfinity: 2
    m_RotationOrder: 0
  spreadCustomCurve:
    serializedVersion: 2
    m_Curve:
    - serializedVersion: 2
      time: 0
      value: 0
      inSlope: 0
      outSlope: 0
      tangentMode: 0
    m_PreInfinity: 2
    m_PostInfinity: 2
    m_RotationOrder: 4
  reverbZoneMixCustomCurve:
    serializedVersion: 2
    m_Curve:
    - serializedVersion: 2
      time: 0
      value: 1
      inSlope: 0
      outSlope: 0
      tangentMode: 0
    m_PreInfinity: 2
    m_PostInfinity: 2
    m_RotationOrder: 0
--- !u!1 &1925616705
GameObject:
  m_ObjectHideFlags: 0
  m_PrefabParentObject: {fileID: 0}
  m_PrefabInternal: {fileID: 0}
  serializedVersion: 5
  m_Component:
  - component: {fileID: 1925616709}
  - component: {fileID: 1925616708}
  - component: {fileID: 1925616707}
  m_Layer: 0
  m_Name: Main Camera
  m_TagString: MainCamera
  m_Icon: {fileID: 0}
  m_NavMeshLayer: 0
  m_StaticEditorFlags: 0
  m_IsActive: 1
--- !u!124 &1925616707
Behaviour:
  m_ObjectHideFlags: 0
  m_PrefabParentObject: {fileID: 0}
  m_PrefabInternal: {fileID: 0}
  m_GameObject: {fileID: 1925616705}
  m_Enabled: 1
--- !u!20 &1925616708
Camera:
  m_ObjectHideFlags: 0
  m_PrefabParentObject: {fileID: 0}
  m_PrefabInternal: {fileID: 0}
  m_GameObject: {fileID: 1925616705}
  m_Enabled: 1
  serializedVersion: 2
  m_ClearFlags: 1
  m_BackGroundColor: {r: 0, g: 0.7725491, b: 1, a: 0}
  m_NormalizedViewPortRect:
    serializedVersion: 2
    x: 0
    y: 0
    width: 1
    height: 1
  near clip plane: 0.3
  far clip plane: 1000
  field of view: 60
  orthographic: 1
  orthographic size: 5
  m_Depth: -1
  m_CullingMask:
    serializedVersion: 2
    m_Bits: 4294967295
  m_RenderingPath: -1
  m_TargetTexture: {fileID: 0}
  m_TargetDisplay: 0
  m_TargetEye: 3
  m_HDR: 1
  m_AllowMSAA: 1
  m_AllowDynamicResolution: 0
  m_ForceIntoRT: 0
  m_OcclusionCulling: 1
  m_StereoConvergence: 10
  m_StereoSeparation: 0.022
--- !u!4 &1925616709
Transform:
  m_ObjectHideFlags: 0
  m_PrefabParentObject: {fileID: 0}
  m_PrefabInternal: {fileID: 0}
  m_GameObject: {fileID: 1925616705}
  m_LocalRotation: {x: 0, y: 0, z: 0, w: 1}
  m_LocalPosition: {x: 0, y: 0, z: -10}
  m_LocalScale: {x: 1, y: 1, z: 1}
  m_Children: []
  m_Father: {fileID: 0}
  m_RootOrder: 0
  m_LocalEulerAnglesHint: {x: 0, y: 0, z: 0}
--- !u!1001 &2125295460
Prefab:
  m_ObjectHideFlags: 0
  serializedVersion: 2
  m_Modification:
    m_TransformParent: {fileID: 1455313183}
    m_Modifications:
    - target: {fileID: 224986405417361578, guid: 995db977df4c3f4469d2a640a29f40b5,
        type: 2}
      propertyPath: m_LocalPosition.x
      value: 0
      objectReference: {fileID: 0}
    - target: {fileID: 224986405417361578, guid: 995db977df4c3f4469d2a640a29f40b5,
        type: 2}
      propertyPath: m_LocalPosition.y
      value: 0
      objectReference: {fileID: 0}
    - target: {fileID: 224986405417361578, guid: 995db977df4c3f4469d2a640a29f40b5,
        type: 2}
      propertyPath: m_LocalPosition.z
      value: 0
      objectReference: {fileID: 0}
    - target: {fileID: 224986405417361578, guid: 995db977df4c3f4469d2a640a29f40b5,
        type: 2}
      propertyPath: m_LocalRotation.x
      value: -0
      objectReference: {fileID: 0}
    - target: {fileID: 224986405417361578, guid: 995db977df4c3f4469d2a640a29f40b5,
        type: 2}
      propertyPath: m_LocalRotation.y
      value: -0
      objectReference: {fileID: 0}
    - target: {fileID: 224986405417361578, guid: 995db977df4c3f4469d2a640a29f40b5,
        type: 2}
      propertyPath: m_LocalRotation.z
      value: -0
      objectReference: {fileID: 0}
    - target: {fileID: 224986405417361578, guid: 995db977df4c3f4469d2a640a29f40b5,
        type: 2}
      propertyPath: m_LocalRotation.w
      value: 1
      objectReference: {fileID: 0}
    - target: {fileID: 224986405417361578, guid: 995db977df4c3f4469d2a640a29f40b5,
        type: 2}
      propertyPath: m_RootOrder
      value: 4
      objectReference: {fileID: 0}
    - target: {fileID: 224986405417361578, guid: 995db977df4c3f4469d2a640a29f40b5,
        type: 2}
      propertyPath: m_AnchoredPosition.x
      value: 0
      objectReference: {fileID: 0}
    - target: {fileID: 224986405417361578, guid: 995db977df4c3f4469d2a640a29f40b5,
        type: 2}
      propertyPath: m_AnchoredPosition.y
      value: 0
      objectReference: {fileID: 0}
    - target: {fileID: 224986405417361578, guid: 995db977df4c3f4469d2a640a29f40b5,
        type: 2}
      propertyPath: m_SizeDelta.x
      value: 0
      objectReference: {fileID: 0}
    - target: {fileID: 224986405417361578, guid: 995db977df4c3f4469d2a640a29f40b5,
        type: 2}
      propertyPath: m_SizeDelta.y
      value: 0
      objectReference: {fileID: 0}
    - target: {fileID: 224986405417361578, guid: 995db977df4c3f4469d2a640a29f40b5,
        type: 2}
      propertyPath: m_AnchorMin.x
      value: 0.00000004123997
      objectReference: {fileID: 0}
    - target: {fileID: 224986405417361578, guid: 995db977df4c3f4469d2a640a29f40b5,
        type: 2}
      propertyPath: m_AnchorMin.y
      value: 0.022569444
      objectReference: {fileID: 0}
    - target: {fileID: 224986405417361578, guid: 995db977df4c3f4469d2a640a29f40b5,
        type: 2}
      propertyPath: m_AnchorMax.x
      value: 0.26993242
      objectReference: {fileID: 0}
    - target: {fileID: 224986405417361578, guid: 995db977df4c3f4469d2a640a29f40b5,
        type: 2}
      propertyPath: m_AnchorMax.y
      value: 0.8357639
      objectReference: {fileID: 0}
    - target: {fileID: 224986405417361578, guid: 995db977df4c3f4469d2a640a29f40b5,
        type: 2}
      propertyPath: m_Pivot.x
      value: 0.5
      objectReference: {fileID: 0}
    - target: {fileID: 224986405417361578, guid: 995db977df4c3f4469d2a640a29f40b5,
        type: 2}
      propertyPath: m_Pivot.y
      value: 0.5
      objectReference: {fileID: 0}
    - target: {fileID: 1636923400971858, guid: 995db977df4c3f4469d2a640a29f40b5, type: 2}
      propertyPath: m_Name
      value: Player1
      objectReference: {fileID: 0}
    - target: {fileID: 224633359729457956, guid: 995db977df4c3f4469d2a640a29f40b5,
        type: 2}
      propertyPath: m_AnchoredPosition.x
      value: 0.00018310547
      objectReference: {fileID: 0}
    - target: {fileID: 224013240050773648, guid: 995db977df4c3f4469d2a640a29f40b5,
        type: 2}
      propertyPath: m_AnchoredPosition.x
      value: 0.00012207031
      objectReference: {fileID: 0}
    m_RemovedComponents: []
  m_ParentPrefab: {fileID: 100100000, guid: 995db977df4c3f4469d2a640a29f40b5, type: 2}
  m_IsPrefabParent: 0
